@inproceedings{klosgen1996explora,
    title={Explora: A multipattern and multistrategy discovery assistant},
    author={Kl{\"o}sgen, Willi},
    booktitle={Advances in knowledge discovery and data mining},
    pages={249--271},
    year={1996},
    organization={American Association for Artificial Intelligence}
}

@incollection{wrobel1997algorithm,
    title={An algorithm for multi-relational discovery of subgroups},
    author={Wrobel, Stefan},
    booktitle={Principles of Data Mining and Knowledge Discovery},
    pages={78--87},
    year={1997},
    publisher={Springer}
}

@incollection{van2011non,
    title={Non-redundant subgroup discovery in large and complex data},
    author={van Leeuwen, Matthijs and Knobbe, Arno},
    booktitle={Machine Learning and Knowledge Discovery in Databases},
    pages={459--474},
    year={2011},
    publisher={Springer}
}
